% Encoding: UTF-8

@Book{ross2010,
  title     = {Probabilidade: um curso moderno com aplica{\c{c}}ões},
  publisher = {Bookman Editora},
  year      = {2010},
  author    = {Sheldon Ross},
  address   = {Porto Alegre},
  edition   = {8},
  note      = {ISBN 978-85-7780-621-8},
  pagetotal = {608},
}

@Book{morin2016,
  title     = {Probability: For the Enthusiastic Beginner},
  publisher = {Createspace Independent Publishing Platform},
  year      = {2016},
  author    = {David J. Morin},
  isbn      = {1523318678},
  school    = {Hardvard University},
}

@Book{lipson2011,
  title     = {Schaum's Outline of Probability},
  publisher = {McGraw-Hill Education},
  year      = {2011},
  author    = {Seymour Lipschutz and Marc Lipson},
  series    = {Schaum's Outlines},
  edition   = {Second Edition},
  isbn      = {978-0-07-181658-8},
}

@Book{bussab2002,
  title     = {Estat{\'\i}stica b{\'a}sica},
  publisher = {Saraiva},
  year      = {2010},
  author    = {Bussab, Wilton de O. and Morettin, Pedro A.},
  address   = {São Paulo},
  edition   = {6},
  isbn      = {978-85-02-08177-2},
}

@Book{pinheiro2009,
  title     = {Estat{\'\i}stica b{\'a}sica: a arte de trabalhar com dados},
  publisher = {Elsevier},
  year      = {2009},
  author    = {Carvajal, Santiago and Cunha, Sonia and Gomes, Gastao and Pinheiro, Jo\~{a}o},
  address   = {Rio de Janeiro},
  isbn      = {978-85-352-3030-7},
}

@Comment{jabref-meta: databaseType:bibtex;}
